%YAML 1.1
%TAG !u! tag:unity3d.com,2011:
--- !u!1 &5587757443781870024
GameObject:
  m_ObjectHideFlags: 0
  m_CorrespondingSourceObject: {fileID: 0}
  m_PrefabInstance: {fileID: 0}
  m_PrefabAsset: {fileID: 0}
  serializedVersion: 6
  m_Component:
  - component: {fileID: 5587757443781870027}
  - component: {fileID: 5587757443781870020}
  - component: {fileID: 5587757443781870021}
  - component: {fileID: 5587757443781870026}
  - component: {fileID: 5587757443781870023}
  m_Layer: 5
  m_Name: Button
  m_TagString: Untagged
  m_Icon: {fileID: 0}
  m_NavMeshLayer: 0
  m_StaticEditorFlags: 0
  m_IsActive: 1
--- !u!224 &5587757443781870027
RectTransform:
  m_ObjectHideFlags: 0
  m_CorrespondingSourceObject: {fileID: 0}
  m_PrefabInstance: {fileID: 0}
  m_PrefabAsset: {fileID: 0}
  m_GameObject: {fileID: 5587757443781870024}
  m_LocalRotation: {x: 0, y: 0, z: 0, w: 1}
  m_LocalPosition: {x: 0, y: 0, z: 0}
  m_LocalScale: {x: 1, y: 1, z: 1}
  m_Children:
  - {fileID: 6249903221621765209}
  m_Father: {fileID: 0}
  m_RootOrder: 0
  m_LocalEulerAnglesHint: {x: 0, y: 0, z: 0}
  m_AnchorMin: {x: 0, y: 0}
  m_AnchorMax: {x: 0, y: 1}
  m_AnchoredPosition: {x: 20, y: 10}
  m_SizeDelta: {x: 65, y: -20}
  m_Pivot: {x: 0, y: 0.5}
--- !u!222 &5587757443781870020
CanvasRenderer:
  m_ObjectHideFlags: 0
  m_CorrespondingSourceObject: {fileID: 0}
  m_PrefabInstance: {fileID: 0}
  m_PrefabAsset: {fileID: 0}
  m_GameObject: {fileID: 5587757443781870024}
  m_CullTransparentMesh: 0
--- !u!114 &5587757443781870021
MonoBehaviour:
  m_ObjectHideFlags: 0
  m_CorrespondingSourceObject: {fileID: 0}
  m_PrefabInstance: {fileID: 0}
  m_PrefabAsset: {fileID: 0}
  m_GameObject: {fileID: 5587757443781870024}
  m_Enabled: 1
  m_EditorHideFlags: 0
  m_Script: {fileID: 11500000, guid: fe87c0e1cc204ed48ad3b37840f39efc, type: 3}
  m_Name: 
  m_EditorClassIdentifier: 
  m_Material: {fileID: 0}
  m_Color: {r: 1, g: 1, b: 1, a: 1}
  m_RaycastTarget: 1
  m_OnCullStateChanged:
    m_PersistentCalls:
      m_Calls: []
  m_Sprite: {fileID: 21300000, guid: d1434351e6ee82f40af9083b7bd52421, type: 3}
  m_Type: 0
  m_PreserveAspect: 0
  m_FillCenter: 1
  m_FillMethod: 4
  m_FillAmount: 1
  m_FillClockwise: 1
  m_FillOrigin: 0
  m_UseSpriteMesh: 0
  m_PixelsPerUnitMultiplier: 1
--- !u!114 &5587757443781870026
MonoBehaviour:
  m_ObjectHideFlags: 0
  m_CorrespondingSourceObject: {fileID: 0}
  m_PrefabInstance: {fileID: 0}
  m_PrefabAsset: {fileID: 0}
  m_GameObject: {fileID: 5587757443781870024}
  m_Enabled: 1
  m_EditorHideFlags: 0
  m_Script: {fileID: 11500000, guid: 4e29b1a8efbd4b44bb3f3716e73f07ff, type: 3}
  m_Name: 
  m_EditorClassIdentifier: 
  m_Navigation:
    m_Mode: 3
    m_SelectOnUp: {fileID: 0}
    m_SelectOnDown: {fileID: 0}
    m_SelectOnLeft: {fileID: 0}
    m_SelectOnRight: {fileID: 0}
  m_Transition: 1
  m_Colors:
    m_NormalColor: {r: 1, g: 1, b: 1, a: 1}
    m_HighlightedColor: {r: 0.9607843, g: 0.9607843, b: 0.9607843, a: 1}
    m_PressedColor: {r: 0.78431374, g: 0.78431374, b: 0.78431374, a: 1}
    m_SelectedColor: {r: 0.9607843, g: 0.9607843, b: 0.9607843, a: 1}
    m_DisabledColor: {r: 0.78431374, g: 0.78431374, b: 0.78431374, a: 0.5019608}
    m_ColorMultiplier: 1
    m_FadeDuration: 0.1
  m_SpriteState:
    m_HighlightedSprite: {fileID: 0}
    m_PressedSprite: {fileID: 0}
    m_SelectedSprite: {fileID: 0}
    m_DisabledSprite: {fileID: 0}
  m_AnimationTriggers:
    m_NormalTrigger: Normal
    m_HighlightedTrigger: Highlighted
    m_PressedTrigger: Pressed
    m_SelectedTrigger: Selected
    m_DisabledTrigger: Disabled
  m_Interactable: 0
  m_TargetGraphic: {fileID: 5587757443781870021}
  m_OnClick:
    m_PersistentCalls:
      m_Calls:
      - m_Target: {fileID: 5587757443781870023}
        m_MethodName: onClick
        m_Mode: 1
        m_Arguments:
          m_ObjectArgument: {fileID: 0}
          m_ObjectArgumentAssemblyTypeName: UnityEngine.Object, UnityEngine
          m_IntArgument: 0
          m_FloatArgument: 0
          m_StringArgument: 
          m_BoolArgument: 0
        m_CallState: 2
--- !u!114 &5587757443781870023
MonoBehaviour:
  m_ObjectHideFlags: 0
  m_CorrespondingSourceObject: {fileID: 0}
  m_PrefabInstance: {fileID: 0}
  m_PrefabAsset: {fileID: 0}
  m_GameObject: {fileID: 5587757443781870024}
  m_Enabled: 1
  m_EditorHideFlags: 0
  m_Script: {fileID: 11500000, guid: 6ace11e8808eef24a8d2292599dbdc91, type: 3}
  m_Name: 
  m_EditorClassIdentifier: 
  info: {fileID: 11400000, guid: 6be52bcd75c8883468db08f318c7e3c3, type: 2}
  image: {fileID: 5587757443781870021}
--- !u!1001 &5587757443211433496
PrefabInstance:
  m_ObjectHideFlags: 0
  serializedVersion: 2
  m_Modification:
    m_TransformParent: {fileID: 5587757443781870027}
    m_Modifications:
    - target: {fileID: 7455727029124243613, guid: da53cc9d9557916498e28797abb99669,
        type: 3}
      propertyPath: m_Name
      value: BuildItemText
      objectReference: {fileID: 0}
    - target: {fileID: 1961227579922588225, guid: da53cc9d9557916498e28797abb99669,
        type: 3}
      propertyPath: m_LocalPosition.x
      value: 0
      objectReference: {fileID: 0}
    - target: {fileID: 1961227579922588225, guid: da53cc9d9557916498e28797abb99669,
        type: 3}
      propertyPath: m_LocalPosition.y
      value: 0
      objectReference: {fileID: 0}
    - target: {fileID: 1961227579922588225, guid: da53cc9d9557916498e28797abb99669,
        type: 3}
      propertyPath: m_LocalPosition.z
      value: 0
      objectReference: {fileID: 0}
    - target: {fileID: 1961227579922588225, guid: da53cc9d9557916498e28797abb99669,
        type: 3}
      propertyPath: m_LocalRotation.x
      value: -0
      objectReference: {fileID: 0}
    - target: {fileID: 1961227579922588225, guid: da53cc9d9557916498e28797abb99669,
        type: 3}
      propertyPath: m_LocalRotation.y
      value: -0
      objectReference: {fileID: 0}
    - target: {fileID: 1961227579922588225, guid: da53cc9d9557916498e28797abb99669,
        type: 3}
      propertyPath: m_LocalRotation.z
      value: -0
      objectReference: {fileID: 0}
    - target: {fileID: 1961227579922588225, guid: da53cc9d9557916498e28797abb99669,
        type: 3}
      propertyPath: m_LocalRotation.w
      value: 1
      objectReference: {fileID: 0}
    - target: {fileID: 1961227579922588225, guid: da53cc9d9557916498e28797abb99669,
        type: 3}
      propertyPath: m_RootOrder
      value: 0
      objectReference: {fileID: 0}
    - target: {fileID: 1961227579922588225, guid: da53cc9d9557916498e28797abb99669,
        type: 3}
      propertyPath: m_LocalEulerAnglesHint.x
      value: 0
      objectReference: {fileID: 0}
    - target: {fileID: 1961227579922588225, guid: da53cc9d9557916498e28797abb99669,
        type: 3}
      propertyPath: m_LocalEulerAnglesHint.y
      value: 0
      objectReference: {fileID: 0}
    - target: {fileID: 1961227579922588225, guid: da53cc9d9557916498e28797abb99669,
        type: 3}
      propertyPath: m_LocalEulerAnglesHint.z
      value: 0
      objectReference: {fileID: 0}
    - target: {fileID: 1961227579922588225, guid: da53cc9d9557916498e28797abb99669,
        type: 3}
      propertyPath: m_AnchoredPosition.x
      value: 0
      objectReference: {fileID: 0}
    - target: {fileID: 1961227579922588225, guid: da53cc9d9557916498e28797abb99669,
        type: 3}
      propertyPath: m_AnchoredPosition.y
      value: -20
      objectReference: {fileID: 0}
    - target: {fileID: 1961227579922588225, guid: da53cc9d9557916498e28797abb99669,
        type: 3}
      propertyPath: m_SizeDelta.x
      value: 0
      objectReference: {fileID: 0}
    - target: {fileID: 1961227579922588225, guid: da53cc9d9557916498e28797abb99669,
        type: 3}
      propertyPath: m_SizeDelta.y
      value: 20
      objectReference: {fileID: 0}
    - target: {fileID: 1961227579922588225, guid: da53cc9d9557916498e28797abb99669,
        type: 3}
      propertyPath: m_AnchorMin.x
      value: 0
      objectReference: {fileID: 0}
    - target: {fileID: 1961227579922588225, guid: da53cc9d9557916498e28797abb99669,
        type: 3}
      propertyPath: m_AnchorMin.y
      value: 0
      objectReference: {fileID: 0}
    - target: {fileID: 1961227579922588225, guid: da53cc9d9557916498e28797abb99669,
        type: 3}
      propertyPath: m_AnchorMax.x
      value: 1
      objectReference: {fileID: 0}
    - target: {fileID: 1961227579922588225, guid: da53cc9d9557916498e28797abb99669,
        type: 3}
      propertyPath: m_AnchorMax.y
      value: 0
      objectReference: {fileID: 0}
    - target: {fileID: 1961227579922588225, guid: da53cc9d9557916498e28797abb99669,
        type: 3}
      propertyPath: m_Pivot.x
      value: 0.5
      objectReference: {fileID: 0}
    - target: {fileID: 1961227579922588225, guid: da53cc9d9557916498e28797abb99669,
        type: 3}
      propertyPath: m_Pivot.y
      value: 0
      objectReference: {fileID: 0}
    - target: {fileID: 7298443430847766570, guid: da53cc9d9557916498e28797abb99669,
        type: 3}
      propertyPath: m_textInfo.characterCount
      value: 10
      objectReference: {fileID: 0}
    - target: {fileID: 7298443430847766570, guid: da53cc9d9557916498e28797abb99669,
        type: 3}
      propertyPath: m_textInfo.spaceCount
      value: 1
      objectReference: {fileID: 0}
    - target: {fileID: 7298443430847766570, guid: da53cc9d9557916498e28797abb99669,
        type: 3}
      propertyPath: m_textInfo.wordCount
      value: 2
      objectReference: {fileID: 0}
    - target: {fileID: 7298443430847766570, guid: da53cc9d9557916498e28797abb99669,
        type: 3}
      propertyPath: m_textInfo.lineCount
      value: 1
      objectReference: {fileID: 0}
    - target: {fileID: 7298443430847766570, guid: da53cc9d9557916498e28797abb99669,
        type: 3}
      propertyPath: m_textInfo.pageCount
      value: 1
      objectReference: {fileID: 0}
    m_RemovedComponents: []
  m_SourcePrefab: {fileID: 100100000, guid: da53cc9d9557916498e28797abb99669, type: 3}
--- !u!224 &6249903221621765209 stripped
RectTransform:
  m_CorrespondingSourceObject: {fileID: 1961227579922588225, guid: da53cc9d9557916498e28797abb99669,
    type: 3}
  m_PrefabInstance: {fileID: 5587757443211433496}
  m_PrefabAsset: {fileID: 0}
