%YAML 1.1
%TAG !u! tag:unity3d.com,2011:
--- !u!114 &3570629058827188457
MonoBehaviour:
  m_ObjectHideFlags: 0
  m_CorrespondingSourceObject: {fileID: 0}
  m_PrefabInstance: {fileID: 0}
  m_PrefabAsset: {fileID: 0}
  m_GameObject: {fileID: 974676854098989978}
  m_Enabled: 1
  m_EditorHideFlags: 0
  m_Script: {fileID: 11500000, guid: 40f377655ce019c4c94e66fc27aa7995, type: 3}
  m_Name: 
  m_EditorClassIdentifier: 
--- !u!1 &3570629060617488539
GameObject:
  m_ObjectHideFlags: 0
  m_CorrespondingSourceObject: {fileID: 0}
  m_PrefabInstance: {fileID: 0}
  m_PrefabAsset: {fileID: 0}
  serializedVersion: 6
  m_Component:
  - component: {fileID: 3570629060617488540}
  - component: {fileID: 3570629060617488542}
  - component: {fileID: 3570629060617488541}
  - component: {fileID: 3570629060617488543}
  m_Layer: 5
  m_Name: GamePanel
  m_TagString: Untagged
  m_Icon: {fileID: 0}
  m_NavMeshLayer: 0
  m_StaticEditorFlags: 0
  m_IsActive: 1
--- !u!224 &3570629060617488540
RectTransform:
  m_ObjectHideFlags: 0
  m_CorrespondingSourceObject: {fileID: 0}
  m_PrefabInstance: {fileID: 0}
  m_PrefabAsset: {fileID: 0}
  m_GameObject: {fileID: 3570629060617488539}
  m_LocalRotation: {x: 0, y: 0, z: 0, w: 1}
  m_LocalPosition: {x: 0, y: 0, z: 0}
  m_LocalScale: {x: 1, y: 1, z: 1}
  m_Children:
  - {fileID: 8199085986472988998}
  - {fileID: 3570629060769656564}
  m_Father: {fileID: 0}
  m_RootOrder: 0
  m_LocalEulerAnglesHint: {x: 0, y: 0, z: 0}
  m_AnchorMin: {x: 0, y: 0}
  m_AnchorMax: {x: 1, y: 1}
  m_AnchoredPosition: {x: 0, y: 0}
  m_SizeDelta: {x: 0, y: 0}
  m_Pivot: {x: 0.5, y: 0.5}
--- !u!222 &3570629060617488542
CanvasRenderer:
  m_ObjectHideFlags: 0
  m_CorrespondingSourceObject: {fileID: 0}
  m_PrefabInstance: {fileID: 0}
  m_PrefabAsset: {fileID: 0}
  m_GameObject: {fileID: 3570629060617488539}
  m_CullTransparentMesh: 0
--- !u!114 &3570629060617488541
MonoBehaviour:
  m_ObjectHideFlags: 0
  m_CorrespondingSourceObject: {fileID: 0}
  m_PrefabInstance: {fileID: 0}
  m_PrefabAsset: {fileID: 0}
  m_GameObject: {fileID: 3570629060617488539}
  m_Enabled: 1
  m_EditorHideFlags: 0
  m_Script: {fileID: 11500000, guid: fe87c0e1cc204ed48ad3b37840f39efc, type: 3}
  m_Name: 
  m_EditorClassIdentifier: 
  m_Material: {fileID: 0}
  m_Color: {r: 1, g: 1, b: 1, a: 0}
  m_RaycastTarget: 1
  m_OnCullStateChanged:
    m_PersistentCalls:
      m_Calls: []
  m_Sprite: {fileID: 10907, guid: 0000000000000000f000000000000000, type: 0}
  m_Type: 1
  m_PreserveAspect: 0
  m_FillCenter: 1
  m_FillMethod: 4
  m_FillAmount: 1
  m_FillClockwise: 1
  m_FillOrigin: 0
  m_UseSpriteMesh: 0
  m_PixelsPerUnitMultiplier: 1
--- !u!114 &3570629060617488543
MonoBehaviour:
  m_ObjectHideFlags: 0
  m_CorrespondingSourceObject: {fileID: 0}
  m_PrefabInstance: {fileID: 0}
  m_PrefabAsset: {fileID: 0}
  m_GameObject: {fileID: 3570629060617488539}
  m_Enabled: 1
  m_EditorHideFlags: 0
  m_Script: {fileID: 11500000, guid: 790c615b3b4fb1848bd39e4a917305f0, type: 3}
  m_Name: 
  m_EditorClassIdentifier: 
--- !u!1 &3570629060769656563
GameObject:
  m_ObjectHideFlags: 0
  m_CorrespondingSourceObject: {fileID: 0}
  m_PrefabInstance: {fileID: 0}
  m_PrefabAsset: {fileID: 0}
  serializedVersion: 6
  m_Component:
  - component: {fileID: 3570629060769656564}
  - component: {fileID: 3570629060769656566}
  - component: {fileID: 3570629060769656565}
  m_Layer: 5
  m_Name: Panel
  m_TagString: Untagged
  m_Icon: {fileID: 0}
  m_NavMeshLayer: 0
  m_StaticEditorFlags: 0
  m_IsActive: 1
--- !u!224 &3570629060769656564
RectTransform:
  m_ObjectHideFlags: 0
  m_CorrespondingSourceObject: {fileID: 0}
  m_PrefabInstance: {fileID: 0}
  m_PrefabAsset: {fileID: 0}
  m_GameObject: {fileID: 3570629060769656563}
  m_LocalRotation: {x: 0, y: 0, z: 0, w: 1}
  m_LocalPosition: {x: 0, y: 0, z: 0}
  m_LocalScale: {x: 1, y: 1, z: 1}
  m_Children:
  - {fileID: 3570629060619603350}
  - {fileID: 8937076785222149907}
  m_Father: {fileID: 3570629060617488540}
  m_RootOrder: 1
  m_LocalEulerAnglesHint: {x: 0, y: 0, z: 0}
  m_AnchorMin: {x: 0, y: 0}
  m_AnchorMax: {x: 1, y: 0}
  m_AnchoredPosition: {x: 0, y: 0}
  m_SizeDelta: {x: 0, y: 70}
  m_Pivot: {x: 0.5, y: 0}
--- !u!222 &3570629060769656566
CanvasRenderer:
  m_ObjectHideFlags: 0
  m_CorrespondingSourceObject: {fileID: 0}
  m_PrefabInstance: {fileID: 0}
  m_PrefabAsset: {fileID: 0}
  m_GameObject: {fileID: 3570629060769656563}
  m_CullTransparentMesh: 0
--- !u!114 &3570629060769656565
MonoBehaviour:
  m_ObjectHideFlags: 0
  m_CorrespondingSourceObject: {fileID: 0}
  m_PrefabInstance: {fileID: 0}
  m_PrefabAsset: {fileID: 0}
  m_GameObject: {fileID: 3570629060769656563}
  m_Enabled: 1
  m_EditorHideFlags: 0
  m_Script: {fileID: 11500000, guid: fe87c0e1cc204ed48ad3b37840f39efc, type: 3}
  m_Name: 
  m_EditorClassIdentifier: 
  m_Material: {fileID: 0}
  m_Color: {r: 1, g: 1, b: 1, a: 0.392}
  m_RaycastTarget: 1
  m_OnCullStateChanged:
    m_PersistentCalls:
      m_Calls: []
  m_Sprite: {fileID: 10907, guid: 0000000000000000f000000000000000, type: 0}
  m_Type: 1
  m_PreserveAspect: 0
  m_FillCenter: 1
  m_FillMethod: 4
  m_FillAmount: 1
  m_FillClockwise: 1
  m_FillOrigin: 0
  m_UseSpriteMesh: 0
  m_PixelsPerUnitMultiplier: 1
--- !u!1001 &3570629060722913421
PrefabInstance:
  m_ObjectHideFlags: 0
  serializedVersion: 2
  m_Modification:
    m_TransformParent: {fileID: 3570629060617488540}
    m_Modifications:
    - target: {fileID: 4326784247270400791, guid: 730a9a09f76f7164e941fd5233410270,
        type: 3}
      propertyPath: m_Name
      value: GameMenuText
      objectReference: {fileID: 0}
    - target: {fileID: 4630946670141006283, guid: 730a9a09f76f7164e941fd5233410270,
        type: 3}
      propertyPath: m_LocalPosition.x
      value: 0
      objectReference: {fileID: 0}
    - target: {fileID: 4630946670141006283, guid: 730a9a09f76f7164e941fd5233410270,
        type: 3}
      propertyPath: m_LocalPosition.y
      value: 0
      objectReference: {fileID: 0}
    - target: {fileID: 4630946670141006283, guid: 730a9a09f76f7164e941fd5233410270,
        type: 3}
      propertyPath: m_LocalPosition.z
      value: 0
      objectReference: {fileID: 0}
    - target: {fileID: 4630946670141006283, guid: 730a9a09f76f7164e941fd5233410270,
        type: 3}
      propertyPath: m_LocalRotation.x
      value: 0
      objectReference: {fileID: 0}
    - target: {fileID: 4630946670141006283, guid: 730a9a09f76f7164e941fd5233410270,
        type: 3}
      propertyPath: m_LocalRotation.y
      value: 0
      objectReference: {fileID: 0}
    - target: {fileID: 4630946670141006283, guid: 730a9a09f76f7164e941fd5233410270,
        type: 3}
      propertyPath: m_LocalRotation.z
      value: 0
      objectReference: {fileID: 0}
    - target: {fileID: 4630946670141006283, guid: 730a9a09f76f7164e941fd5233410270,
        type: 3}
      propertyPath: m_LocalRotation.w
      value: 1
      objectReference: {fileID: 0}
    - target: {fileID: 4630946670141006283, guid: 730a9a09f76f7164e941fd5233410270,
        type: 3}
      propertyPath: m_RootOrder
      value: 0
      objectReference: {fileID: 0}
    - target: {fileID: 4630946670141006283, guid: 730a9a09f76f7164e941fd5233410270,
        type: 3}
      propertyPath: m_LocalEulerAnglesHint.x
      value: 0
      objectReference: {fileID: 0}
    - target: {fileID: 4630946670141006283, guid: 730a9a09f76f7164e941fd5233410270,
        type: 3}
      propertyPath: m_LocalEulerAnglesHint.y
      value: 0
      objectReference: {fileID: 0}
    - target: {fileID: 4630946670141006283, guid: 730a9a09f76f7164e941fd5233410270,
        type: 3}
      propertyPath: m_LocalEulerAnglesHint.z
      value: 0
      objectReference: {fileID: 0}
    - target: {fileID: 4630946670141006283, guid: 730a9a09f76f7164e941fd5233410270,
        type: 3}
      propertyPath: m_AnchoredPosition.x
      value: 0
      objectReference: {fileID: 0}
    - target: {fileID: 4630946670141006283, guid: 730a9a09f76f7164e941fd5233410270,
        type: 3}
      propertyPath: m_AnchoredPosition.y
      value: 0
      objectReference: {fileID: 0}
    - target: {fileID: 4630946670141006283, guid: 730a9a09f76f7164e941fd5233410270,
        type: 3}
      propertyPath: m_SizeDelta.x
      value: 200
      objectReference: {fileID: 0}
    - target: {fileID: 4630946670141006283, guid: 730a9a09f76f7164e941fd5233410270,
        type: 3}
      propertyPath: m_SizeDelta.y
      value: 50
      objectReference: {fileID: 0}
    - target: {fileID: 4630946670141006283, guid: 730a9a09f76f7164e941fd5233410270,
        type: 3}
      propertyPath: m_AnchorMin.x
      value: 0
      objectReference: {fileID: 0}
    - target: {fileID: 4630946670141006283, guid: 730a9a09f76f7164e941fd5233410270,
        type: 3}
      propertyPath: m_AnchorMin.y
      value: 1
      objectReference: {fileID: 0}
    - target: {fileID: 4630946670141006283, guid: 730a9a09f76f7164e941fd5233410270,
        type: 3}
      propertyPath: m_AnchorMax.x
      value: 0
      objectReference: {fileID: 0}
    - target: {fileID: 4630946670141006283, guid: 730a9a09f76f7164e941fd5233410270,
        type: 3}
      propertyPath: m_AnchorMax.y
      value: 1
      objectReference: {fileID: 0}
    - target: {fileID: 4630946670141006283, guid: 730a9a09f76f7164e941fd5233410270,
        type: 3}
      propertyPath: m_Pivot.x
      value: 0
      objectReference: {fileID: 0}
    - target: {fileID: 4630946670141006283, guid: 730a9a09f76f7164e941fd5233410270,
        type: 3}
      propertyPath: m_Pivot.y
      value: 1
      objectReference: {fileID: 0}
    - target: {fileID: 4484042354394833824, guid: 730a9a09f76f7164e941fd5233410270,
        type: 3}
      propertyPath: m_textInfo.characterCount
      value: 1
      objectReference: {fileID: 0}
    - target: {fileID: 4484042354394833824, guid: 730a9a09f76f7164e941fd5233410270,
        type: 3}
      propertyPath: m_textInfo.wordCount
      value: 1
      objectReference: {fileID: 0}
    - target: {fileID: 4484042354394833824, guid: 730a9a09f76f7164e941fd5233410270,
        type: 3}
      propertyPath: m_textInfo.lineCount
      value: 1
      objectReference: {fileID: 0}
    - target: {fileID: 4484042354394833824, guid: 730a9a09f76f7164e941fd5233410270,
        type: 3}
      propertyPath: m_textInfo.pageCount
      value: 1
      objectReference: {fileID: 0}
    - target: {fileID: 4484042354394833824, guid: 730a9a09f76f7164e941fd5233410270,
        type: 3}
      propertyPath: m_margin.x
      value: 20
      objectReference: {fileID: 0}
    m_RemovedComponents: []
  m_SourcePrefab: {fileID: 100100000, guid: 730a9a09f76f7164e941fd5233410270, type: 3}
--- !u!1 &974676854098989978 stripped
GameObject:
  m_CorrespondingSourceObject: {fileID: 4326784247270400791, guid: 730a9a09f76f7164e941fd5233410270,
    type: 3}
  m_PrefabInstance: {fileID: 3570629060722913421}
  m_PrefabAsset: {fileID: 0}
--- !u!224 &8199085986472988998 stripped
RectTransform:
  m_CorrespondingSourceObject: {fileID: 4630946670141006283, guid: 730a9a09f76f7164e941fd5233410270,
    type: 3}
  m_PrefabInstance: {fileID: 3570629060722913421}
  m_PrefabAsset: {fileID: 0}
--- !u!1001 &3570629060875232984
PrefabInstance:
  m_ObjectHideFlags: 0
  serializedVersion: 2
  m_Modification:
    m_TransformParent: {fileID: 3570629060769656564}
    m_Modifications:
    - target: {fileID: 5587757443781870024, guid: e52699ccee9c0d94181fe13241748b5e,
        type: 3}
      propertyPath: m_Name
      value: Button (1)
      objectReference: {fileID: 0}
    - target: {fileID: 5587757443781870027, guid: e52699ccee9c0d94181fe13241748b5e,
        type: 3}
      propertyPath: m_LocalPosition.x
      value: 0
      objectReference: {fileID: 0}
    - target: {fileID: 5587757443781870027, guid: e52699ccee9c0d94181fe13241748b5e,
        type: 3}
      propertyPath: m_LocalPosition.y
      value: 0
      objectReference: {fileID: 0}
    - target: {fileID: 5587757443781870027, guid: e52699ccee9c0d94181fe13241748b5e,
        type: 3}
      propertyPath: m_LocalPosition.z
      value: 0
      objectReference: {fileID: 0}
    - target: {fileID: 5587757443781870027, guid: e52699ccee9c0d94181fe13241748b5e,
        type: 3}
      propertyPath: m_LocalRotation.x
      value: 0
      objectReference: {fileID: 0}
    - target: {fileID: 5587757443781870027, guid: e52699ccee9c0d94181fe13241748b5e,
        type: 3}
      propertyPath: m_LocalRotation.y
      value: 0
      objectReference: {fileID: 0}
    - target: {fileID: 5587757443781870027, guid: e52699ccee9c0d94181fe13241748b5e,
        type: 3}
      propertyPath: m_LocalRotation.z
      value: 0
      objectReference: {fileID: 0}
    - target: {fileID: 5587757443781870027, guid: e52699ccee9c0d94181fe13241748b5e,
        type: 3}
      propertyPath: m_LocalRotation.w
      value: 1
      objectReference: {fileID: 0}
    - target: {fileID: 5587757443781870027, guid: e52699ccee9c0d94181fe13241748b5e,
        type: 3}
      propertyPath: m_RootOrder
      value: 1
      objectReference: {fileID: 0}
    - target: {fileID: 5587757443781870027, guid: e52699ccee9c0d94181fe13241748b5e,
        type: 3}
      propertyPath: m_LocalEulerAnglesHint.x
      value: 0
      objectReference: {fileID: 0}
    - target: {fileID: 5587757443781870027, guid: e52699ccee9c0d94181fe13241748b5e,
        type: 3}
      propertyPath: m_LocalEulerAnglesHint.y
      value: 0
      objectReference: {fileID: 0}
    - target: {fileID: 5587757443781870027, guid: e52699ccee9c0d94181fe13241748b5e,
        type: 3}
      propertyPath: m_LocalEulerAnglesHint.z
      value: 0
      objectReference: {fileID: 0}
    - target: {fileID: 5587757443781870027, guid: e52699ccee9c0d94181fe13241748b5e,
        type: 3}
      propertyPath: m_AnchoredPosition.x
      value: 100
      objectReference: {fileID: 0}
    - target: {fileID: 5587757443781870027, guid: e52699ccee9c0d94181fe13241748b5e,
        type: 3}
      propertyPath: m_AnchoredPosition.y
      value: 10
      objectReference: {fileID: 0}
    - target: {fileID: 5587757443781870027, guid: e52699ccee9c0d94181fe13241748b5e,
        type: 3}
      propertyPath: m_SizeDelta.x
      value: 65
      objectReference: {fileID: 0}
    - target: {fileID: 5587757443781870027, guid: e52699ccee9c0d94181fe13241748b5e,
        type: 3}
      propertyPath: m_SizeDelta.y
      value: -20
      objectReference: {fileID: 0}
    - target: {fileID: 5587757443781870027, guid: e52699ccee9c0d94181fe13241748b5e,
        type: 3}
      propertyPath: m_AnchorMin.x
      value: 0
      objectReference: {fileID: 0}
    - target: {fileID: 5587757443781870027, guid: e52699ccee9c0d94181fe13241748b5e,
        type: 3}
      propertyPath: m_AnchorMin.y
      value: 0
      objectReference: {fileID: 0}
    - target: {fileID: 5587757443781870027, guid: e52699ccee9c0d94181fe13241748b5e,
        type: 3}
      propertyPath: m_AnchorMax.x
      value: 0
      objectReference: {fileID: 0}
    - target: {fileID: 5587757443781870027, guid: e52699ccee9c0d94181fe13241748b5e,
        type: 3}
      propertyPath: m_AnchorMax.y
      value: 1
      objectReference: {fileID: 0}
    - target: {fileID: 5587757443781870027, guid: e52699ccee9c0d94181fe13241748b5e,
        type: 3}
      propertyPath: m_Pivot.x
      value: 0
      objectReference: {fileID: 0}
    - target: {fileID: 5587757443781870027, guid: e52699ccee9c0d94181fe13241748b5e,
        type: 3}
      propertyPath: m_Pivot.y
      value: 0.5
      objectReference: {fileID: 0}
    - target: {fileID: 5587757443781870023, guid: e52699ccee9c0d94181fe13241748b5e,
        type: 3}
      propertyPath: info
      value: 
      objectReference: {fileID: 11400000, guid: 6030fa40ad49fc245a460416ad3bd9c6,
        type: 2}
    - target: {fileID: 2937178650507703858, guid: e52699ccee9c0d94181fe13241748b5e,
        type: 3}
      propertyPath: m_textInfo.characterCount
      value: 10
      objectReference: {fileID: 0}
    - target: {fileID: 2937178650507703858, guid: e52699ccee9c0d94181fe13241748b5e,
        type: 3}
      propertyPath: m_textInfo.spaceCount
      value: 1
      objectReference: {fileID: 0}
    - target: {fileID: 2937178650507703858, guid: e52699ccee9c0d94181fe13241748b5e,
        type: 3}
      propertyPath: m_textInfo.wordCount
      value: 2
      objectReference: {fileID: 0}
    - target: {fileID: 2937178650507703858, guid: e52699ccee9c0d94181fe13241748b5e,
        type: 3}
      propertyPath: m_textInfo.lineCount
      value: 1
      objectReference: {fileID: 0}
    - target: {fileID: 2937178650507703858, guid: e52699ccee9c0d94181fe13241748b5e,
        type: 3}
      propertyPath: m_textInfo.pageCount
      value: 1
      objectReference: {fileID: 0}
    m_RemovedComponents: []
  m_SourcePrefab: {fileID: 100100000, guid: e52699ccee9c0d94181fe13241748b5e, type: 3}
--- !u!224 &8937076785222149907 stripped
RectTransform:
  m_CorrespondingSourceObject: {fileID: 5587757443781870027, guid: e52699ccee9c0d94181fe13241748b5e,
    type: 3}
  m_PrefabInstance: {fileID: 3570629060875232984}
  m_PrefabAsset: {fileID: 0}
--- !u!1001 &8937076785485630557
PrefabInstance:
  m_ObjectHideFlags: 0
  serializedVersion: 2
  m_Modification:
    m_TransformParent: {fileID: 3570629060769656564}
    m_Modifications:
    - target: {fileID: 5587757443781870024, guid: e52699ccee9c0d94181fe13241748b5e,
        type: 3}
      propertyPath: m_Name
      value: Button
      objectReference: {fileID: 0}
    - target: {fileID: 5587757443781870027, guid: e52699ccee9c0d94181fe13241748b5e,
        type: 3}
      propertyPath: m_LocalPosition.x
      value: 0
      objectReference: {fileID: 0}
    - target: {fileID: 5587757443781870027, guid: e52699ccee9c0d94181fe13241748b5e,
        type: 3}
      propertyPath: m_LocalPosition.y
      value: 0
      objectReference: {fileID: 0}
    - target: {fileID: 5587757443781870027, guid: e52699ccee9c0d94181fe13241748b5e,
        type: 3}
      propertyPath: m_LocalPosition.z
      value: 0
      objectReference: {fileID: 0}
    - target: {fileID: 5587757443781870027, guid: e52699ccee9c0d94181fe13241748b5e,
        type: 3}
      propertyPath: m_LocalRotation.x
      value: 0
      objectReference: {fileID: 0}
    - target: {fileID: 5587757443781870027, guid: e52699ccee9c0d94181fe13241748b5e,
        type: 3}
      propertyPath: m_LocalRotation.y
      value: 0
      objectReference: {fileID: 0}
    - target: {fileID: 5587757443781870027, guid: e52699ccee9c0d94181fe13241748b5e,
        type: 3}
      propertyPath: m_LocalRotation.z
      value: 0
      objectReference: {fileID: 0}
    - target: {fileID: 5587757443781870027, guid: e52699ccee9c0d94181fe13241748b5e,
        type: 3}
      propertyPath: m_LocalRotation.w
      value: 1
      objectReference: {fileID: 0}
    - target: {fileID: 5587757443781870027, guid: e52699ccee9c0d94181fe13241748b5e,
        type: 3}
      propertyPath: m_RootOrder
      value: 0
      objectReference: {fileID: 0}
    - target: {fileID: 5587757443781870027, guid: e52699ccee9c0d94181fe13241748b5e,
        type: 3}
      propertyPath: m_LocalEulerAnglesHint.x
      value: 0
      objectReference: {fileID: 0}
    - target: {fileID: 5587757443781870027, guid: e52699ccee9c0d94181fe13241748b5e,
        type: 3}
      propertyPath: m_LocalEulerAnglesHint.y
      value: 0
      objectReference: {fileID: 0}
    - target: {fileID: 5587757443781870027, guid: e52699ccee9c0d94181fe13241748b5e,
        type: 3}
      propertyPath: m_LocalEulerAnglesHint.z
      value: 0
      objectReference: {fileID: 0}
    - target: {fileID: 5587757443781870027, guid: e52699ccee9c0d94181fe13241748b5e,
        type: 3}
      propertyPath: m_AnchoredPosition.x
      value: 20
      objectReference: {fileID: 0}
    - target: {fileID: 5587757443781870027, guid: e52699ccee9c0d94181fe13241748b5e,
        type: 3}
      propertyPath: m_AnchoredPosition.y
      value: 10
      objectReference: {fileID: 0}
    - target: {fileID: 5587757443781870027, guid: e52699ccee9c0d94181fe13241748b5e,
        type: 3}
      propertyPath: m_SizeDelta.x
      value: 65
      objectReference: {fileID: 0}
    - target: {fileID: 5587757443781870027, guid: e52699ccee9c0d94181fe13241748b5e,
        type: 3}
      propertyPath: m_SizeDelta.y
      value: -20
      objectReference: {fileID: 0}
    - target: {fileID: 5587757443781870027, guid: e52699ccee9c0d94181fe13241748b5e,
        type: 3}
      propertyPath: m_AnchorMin.x
      value: 0
      objectReference: {fileID: 0}
    - target: {fileID: 5587757443781870027, guid: e52699ccee9c0d94181fe13241748b5e,
        type: 3}
      propertyPath: m_AnchorMin.y
      value: 0
      objectReference: {fileID: 0}
    - target: {fileID: 5587757443781870027, guid: e52699ccee9c0d94181fe13241748b5e,
        type: 3}
      propertyPath: m_AnchorMax.x
      value: 0
      objectReference: {fileID: 0}
    - target: {fileID: 5587757443781870027, guid: e52699ccee9c0d94181fe13241748b5e,
        type: 3}
      propertyPath: m_AnchorMax.y
      value: 1
      objectReference: {fileID: 0}
    - target: {fileID: 5587757443781870027, guid: e52699ccee9c0d94181fe13241748b5e,
        type: 3}
      propertyPath: m_Pivot.x
      value: 0
      objectReference: {fileID: 0}
    - target: {fileID: 5587757443781870027, guid: e52699ccee9c0d94181fe13241748b5e,
        type: 3}
      propertyPath: m_Pivot.y
      value: 0.5
      objectReference: {fileID: 0}
    m_RemovedComponents: []
  m_SourcePrefab: {fileID: 100100000, guid: e52699ccee9c0d94181fe13241748b5e, type: 3}
--- !u!224 &3570629060619603350 stripped
RectTransform:
  m_CorrespondingSourceObject: {fileID: 5587757443781870027, guid: e52699ccee9c0d94181fe13241748b5e,
    type: 3}
  m_PrefabInstance: {fileID: 8937076785485630557}
  m_PrefabAsset: {fileID: 0}
